@book{IEEE-1363,
  author={{IEEE Std 1363-2000}},
  title={{IEEE} Standard Specifications for Public-Key Cryptography},
  address={New York},
  publisher={IEEE},
  year={2000}
}

@inproceedings{kocher99,
  author={C. Kocher and J. Jaffe and B. Jun},
  title={Differential Power Analysis},
  editor={M. Wiener},
  booktitle={Advances in Cryptology ({CRYPTO}~'99)},
  series={Lecture Notes in Computer Science},
  volume={1666},
  pages={388-397},
  publisher={Springer-Verlag},
  month={August},
  year={1999}
}


@INCOLLECTION{Krasnogor2004e,
  AUTHOR = {N. Krasnogor},
  TITLE = {Towards robust memetic algorithms},
  BOOKTITLE = {Recent Advances in Memetic Algorithms},
  PUBLISHER = {Springer Berlin Heidelberg},
  YEAR = {2004},
  PAGES = {185-207},
  EDITOR = {W.E. Hart and N. Krasnogor and J.E. Smith},
  VOLUME = {166},
  SERIES = {Studies in Fuzziness and Soft Computing},  
  ADDRESS = {New York},  
}


@Book{tex,
 author    = "Donald E. Knuth",
 title     = "The {\TeX} Book",
 publisher = "Addison-Wesley Publishing Company",
 address   = "Reading, MA",
 year      = 1989,
 edition   = "15th",
}

@Book{companion,
 author    = "Michel Goosens and Frank Mittelbach and Alexander Samarin",
 title     = "The {\LaTeX} Companion",
 publisher = "Addison-Wesley Publishing Company",
 address   = "Reading, MA",
 PAGES = "112--125",
 year      = 1994,
}

@ARTICLE{ELIDRISSI94,
  AUTHOR =       "{Chafik El Idrissi}, M. and {Roney}, A. and {Frigon}, C. and
                  {Larzilli{\`e}re}, M.",
  TITLE =        "Measurements of total kinetic-energy released to the {$N=2$}
                  dissociation limit of {H}$_2$ --- evidence of the dissociation
                  of very high vibrational {R}ydberg states of {H}$_2$ by
                  doubly-excited states",
  JOURNAL =      "Chemical Physics Letters",
  PAGES =        "260-266",
  VOLUME =       224,
  NUMBER =       10,
  YEAR =         1994,
}

@ARTICLE{MELLINGER96,
  AUTHOR =       "Mellinger, A. and Vidal, C. R. and Jungen, Ch.",
  TITLE =        "Laser reduced fluorescence study of the carbon-monoxide nd
                  triplet {R}ydberg series-experimental results and multichannel
                  quantum-defect analysis",
  JOURNAL =      "J. Chem. Phys.",
  PAGES =        "8913-8921",
  VOLUME =       104,
  NUMBER =       5,
  YEAR =         1996,
}

@ARTICLE{SHELL02,
  AUTHOR =       "Michael Shell",
  TITLE =        "How to Use the {IEEEtran \LaTeX} Class",
  JOURNAL =      "Journal of {\LaTeX} Class Files",
  YEAR =         2002,
  VOLUME =       12,
  NUMBER =       4,
  PAGES =        "100--120"
}

@TechReport{NPB2,
  title =        {The {NAS} Parallel Benchmarks 2.0},
  author =       {Alex Woo and David Bailey and Maurice Yarrow and Wijngaart
                  Wijngaart and Tim Harris and William Saphir},
  year =         1995,
  month =        dec # "~05",
  institution =  "The Pennsylvania State University CiteSeer Archives",
  url =          "http://www.nasa.org/"
}

@INPROCEEDINGS{DPMG,
  author =       {Kim, Sangbum and Woo, Namyoon and Yeom, Heon Y. and Park,
                  Taesoon and Park, Hyoungwoo},
  title =        {Design and {I}mplementation of {D}ynamic {P}rocess
                  {M}anagement for {G}rid-enabled {MPICH}},
  booktitle =    {the 10th European PVM/MPI Users' Group Conference},
  year =         2003,
  address =      {Venice, Italy},
  month =        sep,
}
%%%%%%%%%%%%%%%%%%%
@inproceedings{radixvm:eurosys13,
  title = {{RadixVM}: Scalable address spaces for multithreaded applications},
  author = {Austin T. Clements and M. Frans Kaashoek and Nickolai Zeldovich},
  booktitle = {Proceedings of the ACM EuroSys Conference (EuroSys 2013)},
  year = {2013},
  month = {April},
  address = {Prague, Czech Republic},
}

@article{Clements:2012:SAS:2189750.2150998,
 author = {Clements, Austin T. and Kaashoek, M. Frans and Zeldovich, Nickolai},
 title = {Scalable address spaces using RCU balanced trees},
 journal = {SIGARCH Comput. Archit. News},
 issue_date = {March 2012},
 volume = {40},
 number = {1},
 month = mar,
 year = {2012},
 issn = {0163-5964},
 pages = {199--210},
 numpages = {12},
 url = {http://doi.acm.org/10.1145/2189750.2150998},
 doi = {10.1145/2189750.2150998},
 acmid = {2150998},
 publisher = {ACM},
 address = {New York, NY, USA},
 keywords = {RCU, concurrent balanced trees, lock-free algorithms, multicore, scalability, virtual memory},
} 

@inproceedings{linux:osdi10,
  title = {An Analysis of Linux Scalability to Many Cores},
  author = {Silas Boyd-Wickizer and Austin T. Clements and Yandong Mao and
Aleksey
                  Pesterev and M. Frans Kaashoek and Robert Morris and
Nickolai Zeldovich},
  booktitle = {Proceedings of the 9th {USENIX} {S}ymposium on {O}perating
{S}ystems {D}esign and {I}mplementation ({OSDI} '10)},
  year = {2010},
  month = {October},
  address = {Vancouver, Canada},
}

@inproceedings{locks:linuxsymp,
  title = {Non-scalable locks are dangerous},
  author = {Silas Boyd-Wickizer and M. Frans Kaashoek and Robert Morris and
Nickolai Zeldovich},
  booktitle = {Proceedings of the Linux Symposium},
  year = {2012},
  month = {July},
  address = {Ottawa, Canada},
}

@inproceedings{Cadar:2008:KUA:1855741.1855756,
 author = {Cadar, Cristian and Dunbar, Daniel and Engler, Dawson},
 title = {KLEE: unassisted and automatic generation of high-coverage tests for complex systems programs},
 booktitle = {Proceedings of the 8th USENIX conference on Operating systems design and implementation},
 series = {OSDI'08},
 year = {2008},
 location = {San Diego, California},
 pages = {209--224},
 numpages = {16},
 url = {http://dl.acm.org/citation.cfm?id=1855741.1855756},
 acmid = {1855756},
 publisher = {USENIX Association},
 address = {Berkeley, CA, USA},
} 


@article{Yang:2006:UMC:1189256.1189259,
 author = {Yang, Junfeng and Twohey, Paul and Engler, Dawson and Musuvathi, Madanlal},
 title = {Using model checking to find serious file system errors},
 journal = {ACM Trans. Comput. Syst.},
 issue_date = {November 2006},
 volume = {24},
 number = {4},
 month = nov,
 year = {2006},
 issn = {0734-2071},
 pages = {393--423},
 numpages = {31},
 url = {http://doi.acm.org/10.1145/1189256.1189259},
 doi = {10.1145/1189256.1189259},
 acmid = {1189259},
 publisher = {ACM},
 address = {New York, NY, USA},
 keywords = {Model checking, crash, file system, journaling, recovery},
} 

@inproceedings{Reynolds:2002:SLL:645683.664578,
 author = {Reynolds, John C.},
 title = {Separation Logic: A Logic for Shared Mutable Data Structures},
 booktitle = {Proceedings of the 17th Annual IEEE Symposium on Logic in Computer Science},
 series = {LICS '02},
 year = {2002},
 isbn = {0-7695-1483-9},
 pages = {55--74},
 numpages = {20},
 url = {http://dl.acm.org/citation.cfm?id=645683.664578},
 acmid = {664578},
 publisher = {IEEE Computer Society},
 address = {Washington, DC, USA},
} 

@inproceedings{Bucur:2011:PSE:1966445.1966463,
 author = {Bucur, Stefan and Ureche, Vlad and Zamfir, Cristian and Candea, George},
 title = {Parallel symbolic execution for automated real-world software testing},
 booktitle = {Proceedings of the sixth conference on Computer systems},
 series = {EuroSys '11},
 year = {2011},
 isbn = {978-1-4503-0634-8},
 location = {Salzburg, Austria},
 pages = {183--198},
 numpages = {16},
 url = {http://doi.acm.org/10.1145/1966445.1966463},
 doi = {10.1145/1966445.1966463},
 acmid = {1966463},
 publisher = {ACM},
 address = {New York, NY, USA},
 keywords = {automated testing, debugging, distributed testing, parallel testing, reliability, scalable testing, symbolic execution, testing in cloud, testing tools, verification},
} 

@book{inteloptimize,
	author        = {{Intel Corporation}},
	title         = {{Intel\textsuperscript{\textregistered} 64 and IA-32 Architectures Optimization Reference Manual}},
	year          = {2009},
	month         = {March},
	number        = {248966-018},
}

@book{intelsys,
	author        = {{Intel Corporation}},
	title         = {{Intel\textsuperscript{\textregistered} 64 and IA-32 Architectures Software Developer's Manual}},
	year          = {2009},
	month         = {December},
	number        = {253669-033US},
}

@book{intelquickpath,
	author        = {{Intel Corporation}},
	title         = {{An Introduction to the Intel QuickPath Interconnect}},
	year          = {2009},
	month         = {December},
}

@book{intelmp,
	author        = {{Intel Corporation}},
	title         = {{MultiProcessor Specification}},
	year          = {1997},
	month         = {May},
}

@book{acpica,
	author        = {{Intel Corporation}},
	title         = {{ACPI Component Architecture User Guide and Programmer Reference}},
	year          = {2013},
	month         = {January},
}

@inproceedings{kuskin1994stanford,
  title={The stanford flash multiprocessor},
  author={Kuskin, Jeffrey and Ofelt, David and Heinrich, Mark and Heinlein, John and Simoni, Richard and Gharachorloo, Kourosh and Chapin, John and Nakahira, David and Baxter, Joel and Horowitz, Mark and others},
  booktitle={Computer Architecture, 1994., Proceedings the 21st Annual International Symposium on},
  pages={302--313},
  year={1994},
  organization={IEEE}
}

@inproceedings{Baumann:2009:MNO:1629575.1629579,
 author = {Baumann, Andrew and Barham, Paul and Dagand, Pierre-Evariste and Harris, Tim and Isaacs, Rebecca and Peter, Simon and Roscoe, Timothy and Sch\"{u}pbach, Adrian and Singhania, Akhilesh},
 title = {The multikernel: a new OS architecture for scalable multicore systems},
 booktitle = {Proceedings of the ACM SIGOPS 22nd symposium on Operating systems principles},
 series = {SOSP '09},
 year = {2009},
 isbn = {978-1-60558-752-3},
 location = {Big Sky, Montana, USA},
 pages = {29--44},
 numpages = {16},
 url = {http://doi.acm.org/10.1145/1629575.1629579},
 doi = {10.1145/1629575.1629579},
 acmid = {1629579},
 publisher = {ACM},
 address = {New York, NY, USA},
 keywords = {message passing, multicore processors, scalability},
} 

@article{Krieger:2006:KBC:1218063.1217949,
 author = {Krieger, Orran and Auslander, Marc and Rosenburg, Bryan and Wisniewski, Robert W. and Xenidis, Jimi and Da Silva, Dilma and Ostrowski, Michal and Appavoo, Jonathan and Butrico, Maria and Mergen, Mark and Waterland, Amos and Uhlig, Volkmar},
 title = {K42: building a complete operating system},
 journal = {SIGOPS Oper. Syst. Rev.},
 issue_date = {October 2006},
 volume = {40},
 number = {4},
 month = apr,
 year = {2006},
 issn = {0163-5980},
 pages = {133--145},
 numpages = {13},
 url = {http://doi.acm.org/10.1145/1218063.1217949},
 doi = {10.1145/1218063.1217949},
 acmid = {1217949},
 publisher = {ACM},
 address = {New York, NY, USA},
 keywords = {customizable operating systems, operating system design, scalable operating systems},
} 

@article{Hoare:1969:ABC:363235.363259,
 author = {Hoare, C. A. R.},
 title = {An axiomatic basis for computer programming},
 journal = {Commun. ACM},
 issue_date = {Oct. 1969},
 volume = {12},
 number = {10},
 month = oct,
 year = {1969},
 issn = {0001-0782},
 pages = {576--580},
 numpages = {5},
 url = {http://doi.acm.org/10.1145/363235.363259},
 doi = {10.1145/363235.363259},
 acmid = {363259},
 publisher = {ACM},
 address = {New York, NY, USA},
 keywords = {axiomatic method, formal language definition, machine-independent programming, program documentation, programming language design, theory of programming' proofs of programs},
} 

@article{Fraser:2007:CPW:1233307.1233309,
 author = {Fraser, Keir and Harris, Tim},
 title = {Concurrent programming without locks},
 journal = {ACM Trans. Comput. Syst.},
 issue_date = {May 2007},
 volume = {25},
 number = {2},
 month = may,
 year = {2007},
 issn = {0734-2071},
 articleno = {5},
 url = {http://doi.acm.org/10.1145/1233307.1233309},
 doi = {10.1145/1233307.1233309},
 acmid = {1233309},
 publisher = {ACM},
 address = {New York, NY, USA},
 keywords = {Concurrency, lock-free systems, transactional memory},
} 

@article{seplogic:theorem,
 author = {Juan Antonio Navarro-Pérez, Andrey Rybalchenko},
 title = {Separation Logic Modulo Theories},
 issue_date = {May 2013},
} 

@inproceedings{DeMoura:2008:ZES:1792734.1792766,
 author = {De Moura, Leonardo and Bj{\o}rner, Nikolaj},
 title = {Z3: an efficient SMT solver},
 booktitle = {Proceedings of the Theory and practice of software, 14th international conference on Tools and algorithms for the construction and analysis of systems},
 series = {TACAS'08/ETAPS'08},
 year = {2008},
 isbn = {3-540-78799-2, 978-3-540-78799-0},
 location = {Budapest, Hungary},
 pages = {337--340},
 numpages = {4},
 url = {http://dl.acm.org/citation.cfm?id=1792734.1792766},
 acmid = {1792766},
 publisher = {Springer-Verlag},
 address = {Berlin, Heidelberg},
}

@inproceedings{Ellen:2007:SSN:1281100.1281106,
 author = {Ellen, Faith and Lev, Yossi and Luchangco, Victor and Moir, Mark},
 title = {SNZI: scalable NonZero indicators},
 booktitle = {Proceedings of the twenty-sixth annual ACM symposium on Principles of distributed computing},
 series = {PODC '07},
 year = {2007},
 isbn = {978-1-59593-616-5},
 location = {Portland, Oregon, USA},
 pages = {13--22},
 numpages = {10},
 url = {http://doi.acm.org/10.1145/1281100.1281106},
 doi = {10.1145/1281100.1281106},
 acmid = {1281106},
 publisher = {ACM},
 address = {New York, NY, USA},
 keywords = {counters, scalability, transactional memory},
} 

@inproceedings{Bellard:2005:QFP:1247360.1247401,
 author = {Bellard, Fabrice},
 title = {QEMU, a fast and portable dynamic translator},
 booktitle = {Proceedings of the annual conference on USENIX Annual Technical Conference},
 series = {ATEC '05},
 year = {2005},
 location = {Anaheim, CA},
 pages = {41--41},
 numpages = {1},
 url = {http://dl.acm.org/citation.cfm?id=1247360.1247401},
 acmid = {1247401},
 publisher = {USENIX Association},
 address = {Berkeley, CA, USA},
} 
